@article{neville2008bias,
	title={A bias/variance decomposition for models using collective inference},
	author={Neville, Jennifer and Jensen, David},
	journal={Machine Learning},
	volume={73},
	pages={87--106},
	year={2008},
	publisher={Springer}
}