@article{tharwat2019parameter,
	title={Parameter investigation of support vector machine classifier with kernel functions},
	author={Tharwat, Alaa},
	journal={Knowledge and Information Systems},
	volume={61},
	pages={1269--1302},
	year={2019},
	publisher={Springer}
}

@article{belkin2019reconciling,
	title={Reconciling modern machine-learning practice and the classical bias--variance trade-off},
	author={Belkin, Mikhail and Hsu, Daniel and Ma, Siyuan and Mandal, Soumik},
	journal={Proceedings of the National Academy of Sciences},
	volume={116},
	number={32},
	pages={15849--15854},
	year={2019},
	publisher={National Acad Sciences}
}

@article{nakkiran2021deep,
	title={Deep double descent: Where bigger models and more data hurt},
	author={Nakkiran, Preetum and Kaplun, Gal and Bansal, Yamini and Yang, Tristan and Barak, Boaz and Sutskever, Ilya},
	journal={Journal of Statistical Mechanics: Theory and Experiment},
	volume={2021},
	number={12},
	pages={124003},
	year={2021},
	publisher={IOP Publishing}
}

@article{canatar2021spectral,
	title={Spectral bias and task-model alignment explain generalization in kernel regression and infinitely wide neural networks},
	author={Canatar, Abdulkadir and Bordelon, Blake and Pehlevan, Cengiz},
	journal={Nature communications},
	volume={12},
	number={1},
	pages={2914},
	year={2021},
	publisher={Nature Publishing Group UK London}
}

@article{baldassi2021unveiling,
	title={Unveiling the structure of wide flat minima in neural networks},
	author={Baldassi, Carlo and Lauditi, Clarissa and Malatesta, Enrico M and Perugini, Gabriele and Zecchina, Riccardo},
	journal={Physical Review Letters},
	volume={127},
	number={27},
	pages={278301},
	year={2021},
	publisher={APS}
}

@article{nakkiran2019more,
	title={More data can hurt for linear regression: Sample-wise double descent},
	author={Nakkiran, Preetum},
	journal={arXiv preprint arXiv:1912.07242},
	year={2019}
}

@article{hastie2022surprises,
	title={Surprises in high-dimensional ridgeless least squares interpolation},
	author={Hastie, Trevor and Montanari, Andrea and Rosset, Saharon and Tibshirani, Ryan J},
	journal={Annals of statistics},
	volume={50},
	number={2},
	pages={949},
	year={2022},
	publisher={NIH Public Access}
}